@inproceedings{ha2012combining,
  title={Combining verbal and nonverbal features to overcome the 'information gap' in task-oriented dialogue},
  author={Ha, Eun Young and Grafsgaard, Joseph F and Mitchell, Christopher M and Boyer, Kristy Elizabeth and Lester, James C},
  booktitle={Proceedings of the 13th Annual Meeting of the Special Interest Group on Discourse and Dialogue},
  pages={247--256},
  year={2012},
  organization={Association for Computational Linguistics}
}

@article{mitchellmarkov,
  title={A Markov Decision Process Model of Tutorial Intervention in Task-Oriented Dialogue},
  author={Mitchell, Christopher M and Boyer, Kristy Elizabeth and Lester, James C}
}

@inproceedings{viethen2011generating,
  title={Generating subsequent reference in shared visual scenes: Computation vs. re-use},
  author={Viethen, Jette and Dale, Robert and Guhe, Markus},
  booktitle={Proceedings of the Conference on Empirical Methods in Natural Language Processing},
  pages={1158--1167},
  year={2011},
  organization={Association for Computational Linguistics}
}

@inproceedings{louwerse2007multimodal,
  title={Multimodal communication in face-to-face computer-mediated conversations},
  author={Louwerse, Max M and Benesh, Nick and Hoque, Mohammed E and Jeuniaux, Patrick and Lewis, Gwyneth and Wu, Jie and Zirnstein, Megan},
  booktitle={Proceedings of the 28th Annual Conference of the Cognitive Science Society},
  pages={1235--1240},
  year={2007}
}

@inproceedings{viethen2011impact,
  title={The impact of visual context on the content of referring expressions},
  author={Viethen, Jette and Dale, Robert and Guhe, Markus},
  booktitle={Proceedings of the 13th European Workshop on Natural Language Generation},
  pages={44--52},
  year={2011},
  organization={Association for Computational Linguistics}
}

@inproceedings{stoia2006noun,
  title={Noun phrase generation for situated dialogs},
  author={Stoia, Laura and Shockley, Darla Magdalene and Byron, Donna K and Fosler-Lussier, Eric},
  booktitle={Proceedings of the fourth international natural language generation conference},
  pages={81--88},
  year={2006},
  organization={Association for Computational Linguistics}
}

@inproceedings{kibble2000integrated,
  title={An integrated framework for text planning and pronominalisation},
  author={Kibble, Rodger and Power, Richard},
  booktitle={Proceedings of the first international conference on Natural language generation-Volume 14},
  pages={77--84},
  year={2000},
  organization={Association for Computational Linguistics}
}

@inproceedings{stoia2006sentence,
  title={Sentence planning for realtime navigational instructions},
  author={Stoia, Laura and Byron, Donna K and Shockley, Darla Magdalene and Fosler-Lussier, Eric},
  booktitle={Proceedings of the Human Language Technology Conference of the NAACL, Companion Volume: Short Papers},
  pages={157--160},
  year={2006},
  organization={Association for Computational Linguistics}
}

@inproceedings{gallo2008production,
  title={Production in a Multimodal Corpus: how Speakers Communicate Complex Actions.},
  author={Gallo, Carlos G{\'o}mez and Jaeger, T Florian and Allen, James F and Swift, Mary D},
  booktitle={LREC},
  year={2008}
}

@incollection{koller2010first,
  title={The first challenge on generating instructions in virtual environments},
  author={Koller, Alexander and Striegnitz, Kristina and Byron, Donna and Cassell, Justine and Dale, Robert and Moore, Johanna and Oberlander, Jon},
  booktitle={Empirical Methods in Natural Language Generation},
  pages={328--352},
  year={2010},
  publisher={Springer}
}

@inproceedings{koller2010report,
  title={Report on the second NLG challenge on generating instructions in virtual environments (GIVE-2)},
  author={Koller, Alexander and Striegnitz, Kristina and Gargett, Andrew and Byron, Donna and Cassell, Justine and Dale, Robert and Moore, Johanna and Oberlander, Jon},
  booktitle={Proceedings of the 6th international natural language generation conference},
  pages={243--250},
  year={2010},
  organization={Association for Computational Linguistics}
}

@inproceedings{striegnitz2011report,
  title={Report on the second second challenge on generating instructions in virtual environments (GIVE-2.5)},
  author={Striegnitz, Kristina and Denis, Alexandre and Gargett, Andrew and Garoufi, Konstantina and Koller, Alexander and Theune, Mari{\"e}t},
  booktitle={Proceedings of the 13th European Workshop on Natural Language Generation},
  pages={270--279},
  year={2011},
  organization={Association for Computational Linguistics}
}

@inproceedings{striegnitz2012referring,
  title={Referring in installments: a corpus study of spoken object references in an interactive virtual environment},
  author={Striegnitz, Kristina and Buschmeier, Hendrik and Kopp, Stefan},
  booktitle={Proceedings of the Seventh International Natural Language Generation Conference},
  pages={12--16},
  year={2012},
  organization={Association for Computational Linguistics}
}

@article{hall2009weka,
  title={The WEKA data mining software: an update},
  author={Hall, Mark and Frank, Eibe and Holmes, Geoffrey and Pfahringer, Bernhard and Reutemann, Peter and Witten, Ian H},
  journal={ACM SIGKDD Explorations Newsletter},
  volume={11},
  number={1},
  pages={10--18},
  year={2009},
  publisher={ACM}
}

@inproceedings{sloetjes2008annotation,
  title={Annotation by Category: ELAN and ISO DCR.},
  author={Sloetjes, Han and Wittenburg, Peter},
  booktitle={LREC},
  year={2008}
}

@article{hegarty2002development,
  title={Development of a self-report measure of environmental spatial ability},
  author={Hegarty, Mary and Richardson, Anthony E and Montello, Daniel R and Lovelace, Kristin and Subbiah, Ilavanil},
  journal={Intelligence},
  volume={30},
  number={5},
  pages={425--447},
  year={2002},
  publisher={Elsevier}
}

@article{geary2000sex,
  title={Sex differences in spatial cognition, computational fluency, and arithmetical reasoning},
  author={Geary, David C and Saults, Scott J and Liu, Fan and Hoard, Mary K},
  journal={Journal of Experimental Child Psychology},
  volume={77},
  number={4},
  pages={337--353},
  year={2000},
  publisher={Elsevier}
}

@article{mitchellmarkov,
  title={A Markov Decision Process Model of Tutorial Intervention in Task-Oriented Dialogue},
  author={Mitchell, Christopher M and Boyer, Kristy Elizabeth and Lester, James C}
}

@article{clark2004speaking,
  title={Speaking while monitoring addressees for understanding},
  author={Clark, Herbert H and Krych, Meredyth A},
  journal={Journal of Memory and Language},
  volume={50},
  number={1},
  pages={62--81},
  year={2004},
  publisher={Elsevier}
}

@article{moffat1998navigation,
  title={Navigation in a “virtual” maze: Sex differences and correlation with psychometric measures of spatial ability in humans},
  author={Moffat, Scott D and Hampson, Elizabeth and Hatzipantelis, Maria},
  journal={Evolution and Human Behavior},
  volume={19},
  number={2},
  pages={73--87},
  year={1998},
  publisher={Elsevier}
}








